@incollection {BF78,
    AUTHOR = {Bousfield, A. K. and Friedlander, E. M.},
     TITLE = {Homotopy theory of {$\Gamma $}-spaces, spectra, and
              bisimplicial sets},
 BOOKTITLE = {Geometric applications of homotopy theory ({P}roc. {C}onf.,
              {E}vanston, {I}ll., 1977), {II}},
    SERIES = {Lecture Notes in Math.},
    VOLUME = {658},
     PAGES = {80--130},
 PUBLISHER = {Springer, Berlin-New York},
      YEAR = {1978},
      ISBN = {3-540-08859-8},
   MRCLASS = {55P65 (55P42)},
  MRNUMBER = {513569},
MRREVIEWER = {D.\ W.\ Anderson},
}

@book {Adams74,
    AUTHOR = {Adams, J. F.},
     TITLE = {Stable homotopy and generalised homology},
    SERIES = {Chicago Lectures in Mathematics},
 PUBLISHER = {University of Chicago Press, Chicago, Ill.-London},
      YEAR = {1974},
     PAGES = {x+373},
   MRCLASS = {55B20 (55E10)},
  MRNUMBER = {402720},
MRREVIEWER = {P.\ S.\ Landweber},
}

@book {BR,
    AUTHOR = {Barnes, David and Roitzheim, Constanze},
     TITLE = {Foundations of stable homotopy theory},
    SERIES = {Cambridge Studies in Advanced Mathematics},
    VOLUME = {185},
 PUBLISHER = {Cambridge University Press, Cambridge},
      YEAR = {2020},
     PAGES = {vi+423},
      ISBN = {978-1-108-48278-3},
   MRCLASS = {55Pxx (55-01 55U35)},
  MRNUMBER = {4211772},
MRREVIEWER = {Geoffrey\ M. L. Powell},
       DOI = {10.1017/9781108636575},
       URL = {https://doi.org/10.1017/9781108636575},
}

@article {Lew91,
    AUTHOR = {Lewis, Jr., L. Gaunce},
     TITLE = {Is there a convenient category of spectra?},
   JOURNAL = {J. Pure Appl. Algebra},
  FJOURNAL = {Journal of Pure and Applied Algebra},
    VOLUME = {73},
      YEAR = {1991},
    NUMBER = {3},
     PAGES = {233--246},
      ISSN = {0022-4049,1873-1376},
   MRCLASS = {55P42 (18D10 19D23 55P45 55P47)},
  MRNUMBER = {1124786},
MRREVIEWER = {Steven\ R.\ Costenoble},
       DOI = {10.1016/0022-4049(91)90030-6},
       URL = {https://doi.org/10.1016/0022-4049(91)90030-6},
}


@article{ST,
  author =       "May, J.P",
  title =        "A Generalization of Smith Theory",
  journal =      "Proceedings of the American Mathematical Society",
  year =         "1987",
  volume =       "101",
  DOI =          "https://doi.org/10.2307/2046679",
}

@unpublished{Blumberg,
  author =       "Blumberg, A.",
  title =        "The Burnside Category",
  type =         "Lecture Notes",
  url =          "https://people.math.rochester.edu/faculty/doug/otherpapers/blumberg-burnside.pdf", 
  year =         "2017",
}
@article{WH,
  author =       "Whitehead, G.",
  title =        "Generalized Homology Theories",
  journal =      "Transactions of the American Mathematical Society",
  year =         "1962",
  volume =       "102",
  DOI =          "https://doi.org/10.2307/1993676",
}
@article{SS,
  author =       "Schwede, S.",
  title =        "Lectures on Equivariant Stable Homotopy Theory",
  journal =      "Transactions of the American Mathematical Society",
  year =         "1962",
  volume =       "102",
  DOI =          "https://doi.org/10.2307/1993676",
}
@book {Bredon,
    AUTHOR = {Bredon, Glen E.},
     TITLE = {Equivariant cohomology theories},
    SERIES = {Lecture Notes in Mathematics},
    VOLUME = {No. 34},
 PUBLISHER = {Springer-Verlag, Berlin-New York},
      YEAR = {1967},
     PAGES = {vi+64 pp. (not consecutively paged)},
   MRCLASS = {55.40 (22.00)},
  MRNUMBER = {214062},
MRREVIEWER = {N.\ Stein},
}

@unpublished{Schwede, 
  author =       "Schwede, S.",
  title =        "Lectures on Equivariant Stable Homotopy Theory",
  type =         "Lecture Notes",
  year =         "2023",
  url =          "https://www.math.uni-bonn.de/~schwede/equivariant.pdf",
}

@article {MM,
    AUTHOR = {Mandell, M. A. and May, J. P.},
     TITLE = {Equivariant orthogonal spectra and {$S$}-modules},
   JOURNAL = {Mem. Amer. Math. Soc.},
  FJOURNAL = {Memoirs of the American Mathematical Society},
    VOLUME = {159},
      YEAR = {2002},
    NUMBER = {755},
     PAGES = {x+108},
      ISSN = {0065-9266,1947-6221},
   MRCLASS = {55P91 (18E30 55P42 55P43 55P48)},
  MRNUMBER = {1922205},
MRREVIEWER = {J.\ P. C. Greenlees},
       DOI = {10.1090/memo/0755},
       URL = {https://doi.org/10.1090/memo/0755},
}



