
@book{AM,
publisher = {Springer-Verlag},
title = {Etale Homotopy},
volume = {100},
year = {1969},
author = {Artin, M. and Mazur, B.},
}




@article{Sullivan,
  author =       "Sullivan, D.",
  title =        "Geometric Topology, part I; Localization, Periodicity, and Galois Symmetry",
  year =         "1970",
}


