@article{MS,
  author =       "McDuff, D. and Segal, G.",
  title =        "Homology Fibrations and the {"}Group-Completion{"} Theorem",
  journal =      "Inventiones math.",
  volume =       "31",
  pages =        "279-284",
  year =         "1976",
  DOI =          "https://doi.org/10.1007/BF01403148",
}

@book{QGc,
publisher = {American Mathematical Society,},
title = {Appendix Q. On the group completion of a simplicial monoid},
volume = {110},
year = {1994-01-01},
author = {Friedlander, E. M. 1944- author. (Eric M.),},
address = {Providence, Rhode Island, United States :},
booktitle = {Filtrations on the homology of algebraic varieties /},
edition = {1st ed.},
isbn = {0-8218-2591-7},
}
